<record><leader>00000cas a22000007a 4500</leader><controlfield tag="001">19601141</controlfield><controlfield tag="008">890425d19411956couwr ne      0    0eng d</controlfield><datafield ind1=" " ind2=" " tag="010"><subfield code="a">sn 89052078 </subfield></datafield><datafield ind1=" " ind2=" " tag="040"><subfield code="a">CNQ</subfield><subfield code="b">eng</subfield><subfield code="c">CNQ</subfield><subfield code="d">OCLCQ</subfield></datafield><datafield ind1=" " ind2=" " tag="042"><subfield code="a">msc</subfield></datafield><datafield ind1="0" ind2=" " tag="130"><subfield code="a">Englewood herald (Englewood, Colo. : 1941)</subfield></datafield><datafield ind1="1" ind2="4" tag="245"><subfield code="a">The Englewood herald.</subfield></datafield><datafield ind1=" " ind2=" " tag="260"><subfield code="a">Englewood, Arapahoe County, Colo. :</subfield><subfield code="b">Stuart H. Lovelace</subfield></datafield><datafield ind1=" " ind2=" " tag="300"><subfield code="a">v.</subfield></datafield><datafield ind1=" " ind2=" " tag="310"><subfield code="a">Weekly</subfield></datafield><datafield ind1="1" ind2=" " tag="362"><subfield code="a">Began in July 1941; ceased in 1956.</subfield></datafield><datafield ind1=" " ind2=" " tag="530"><subfield code="a">Available on microfilm from the Colorado Historical Society.</subfield></datafield><datafield ind1=" " ind2=" " tag="580"><subfield code="a">Also issued as mail edition called: Englewood enterprise.</subfield></datafield><datafield ind1=" " ind2=" " tag="588"><subfield code="a">Description based on: Vol. 30, no. 52 (July 17, 1941).</subfield></datafield><datafield ind1=" " ind2=" " tag="752"><subfield code="a">United States</subfield><subfield code="b">Colorado</subfield><subfield code="c">Arapahoe</subfield><subfield code="d">Englewood.</subfield></datafield><datafield ind1="0" ind2=" " tag="775"><subfield code="t">Englewood enterprise (Englewood, Colo.)</subfield><subfield code="w">(DLC)sn 89052077</subfield></datafield><datafield ind1="0" ind2="0" tag="780"><subfield code="t">Englewood herald and the monitor</subfield><subfield code="w">(DLC)sn 90051960</subfield></datafield><datafield ind1="0" ind2="7" tag="785"><subfield code="t">Englewood enterprise (Englewood, Colo.)</subfield><subfield code="w">(DLC)sn 89052077</subfield></datafield><datafield ind1="0" ind2="7" tag="785"><subfield code="t">Englewood herald and enterprise (Englewood, Colo. : 1956)</subfield><subfield code="w">(DLC)sn 89052079</subfield></datafield></record>